<record><leader>00000cas a2200000 a 4500</leader><controlfield tag="001">36919787</controlfield><controlfield tag="008">970516c198u9999flusr ne      0    0eng c</controlfield><datafield ind1=" " ind2=" " tag="010"><subfield code="a">sn 97027780 </subfield></datafield><datafield ind1=" " ind2=" " tag="040"><subfield code="a">FUG</subfield><subfield code="b">eng</subfield><subfield code="c">FUG</subfield><subfield code="d">OCLCQ</subfield><subfield code="d">OCLCF</subfield><subfield code="d">OCLCO</subfield></datafield><datafield ind1="1" ind2=" " tag="029"><subfield code="a">AU@</subfield><subfield code="b">000013250345</subfield></datafield><datafield ind1=" " ind2=" " tag="037"><subfield code="b">Naval Training Center, 4551 Kitty Hawk St., Suite PAO, Orlando FL 32822-8304</subfield></datafield><datafield ind1=" " ind2=" " tag="037"><subfield code="b">Edge Publishing, 5425 S. Semoran Blvd., Orlando, FL 32822-1777</subfield></datafield><datafield ind1=" " ind2=" " tag="042"><subfield code="a">pcc</subfield></datafield><datafield ind1=" " ind2=" " tag="043"><subfield code="a">n-us-fl</subfield></datafield><datafield ind1="0" ind2=" " tag="130"><subfield code="a">Navigator (Orlando, Fla.)</subfield></datafield><datafield ind1="1" ind2="4" tag="245"><subfield code="a">The navigator.</subfield></datafield><datafield ind1=" " ind2=" " tag="260"><subfield code="a">Naval Training Center, Orlando, Fla. :</subfield><subfield code="b">SGS Pub.</subfield></datafield><datafield ind1=" " ind2=" " tag="300"><subfield code="a">v. :</subfield><subfield code="b">ill. ;</subfield><subfield code="c">36 cm.</subfield></datafield><datafield ind1=" " ind2=" " tag="310"><subfield code="a">Semimonthly</subfield></datafield><datafield ind1=" " ind2=" " tag="500"><subfield code="a">"The contents of The Navigator are edited, prepared and provided by the Naval Training Center Public Affairs Office."</subfield></datafield><datafield ind1=" " ind2=" " tag="588"><subfield code="a">Description based on: Vol. 28, no. 18 (Mar. 28, 1996).</subfield></datafield><datafield ind1=" " ind2=" " tag="588"><subfield code="a">Latest issue consulted: Vol. 30, no. 9 (May 30, 1997).</subfield></datafield><datafield ind1=" " ind2="0" tag="650"><subfield code="a">Navy-yards and naval stations</subfield><subfield code="z">United States</subfield><subfield code="v">Newspapers.</subfield></datafield><datafield ind1=" " ind2="0" tag="651"><subfield code="a">Orlando (Fla.)</subfield><subfield code="v">Newspapers.</subfield></datafield><datafield ind1=" " ind2="0" tag="651"><subfield code="a">Orange County (Fla.)</subfield><subfield code="v">Newspapers.</subfield></datafield><datafield ind1=" " ind2="7" tag="655"><subfield code="a">Newspapers.</subfield><subfield code="2">fast</subfield><subfield code="0">(OCoLC)fst01423814</subfield></datafield><datafield ind1=" " ind2="7" tag="650"><subfield code="a">Navy-yards and naval stations.</subfield><subfield code="2">fast</subfield><subfield code="0">(OCoLC)fst01035165</subfield></datafield><datafield ind1=" " ind2="7" tag="651"><subfield code="a">Florida</subfield><subfield code="z">Orange County.</subfield><subfield code="2">fast</subfield><subfield code="0">(OCoLC)fst01211878</subfield></datafield><datafield ind1=" " ind2="7" tag="651"><subfield code="a">Florida</subfield><subfield code="z">Orlando.</subfield><subfield code="2">fast</subfield><subfield code="0">(OCoLC)fst01204036</subfield></datafield><datafield ind1=" " ind2="7" tag="651"><subfield code="a">United States.</subfield><subfield code="2">fast</subfield><subfield code="0">(OCoLC)fst01204155</subfield></datafield><datafield ind1="1" ind2=" " tag="710"><subfield code="a">United States.</subfield><subfield code="b">Naval Training Center (Orlando, Fla.)</subfield></datafield><datafield ind1=" " ind2=" " tag="752"><subfield code="a">United States</subfield><subfield code="b">Florida</subfield><subfield code="c">Orange</subfield><subfield code="d">Orlando.</subfield></datafield><datafield ind1="0" ind2="0" tag="780"><subfield code="t">Nav-a-gator</subfield><subfield code="w">(DLC)sn 97027660</subfield><subfield code="w">(OCoLC)19348254</subfield></datafield></record>